@article{sjostrand2006pythia,
  title={PYTHIA 6.4 physics and manual},
  author={Sj{\"o}strand, Torbj{\"o}rn and Mrenna, Stephen and Skands, Peter},
  journal={Journal of High Energy Physics},
  volume={2006},
  number={05},
  pages={026},
  year={2006},
  publisher={IOP Publishing}
}

@article{keck2017fastbdt,
  title={Fastbdt: A speed-optimized multivariate classification algorithm for the belle ii experiment},
  author={Keck, Thomas},
  journal={Computing and Software for Big Science},
  volume={1},
  number={1},
  pages={2},
  year={2017},
  publisher={Springer}
}

@PHDTHESIS{Keck:48940,
      author       = {Keck, Thomas},
      title        = {Machine learning algorithms for the Belle II experiment and
                      their validation on Belle data},
      school       = {Karlsruher Institut für Technologie},
      type         = {Dr.},
      reportid     = {EKP-2017-00067},
      pages        = {240 pages},
      year         = {2017},
      note         = {Karlsruher Institut für Technologie, Diss., 2017},
      keywords     = {Dissertation (GND)},
      cin          = {Belle II},
      cid          = {I:(DE-IEKP)Belle2-20121205},
      typ          = {PUB:(DE-HGF)11},
      url          = {https://ekp-invenio.physik.uni-karlsruhe.de/record/48940},
}

@article{asner1996search,
  title={Search for exclusive charmless hadronic B decays},
  author={Asner, DM and Athanas, M and Bliss, DW and Brower, WS and Masek, G and Paar, HP and Gronberg, J and Korte, CM and Kutschke, R and Menary, S and others},
  journal={Physical Review D},
  volume={53},
  number={3},
  pages={1039},
  year={1996},
  publisher={APS}
}

@article{bevan2014physics,
  title={The physics of the B factories},
  author={Bevan, AJ and Golob, B and Mannel, Th and Prell, S and Yabsley, BD and Aihara, H and Anulli, F and Arnaud, N and Aushev, T and Beneke, M and others},
  journal={The European Physical Journal C},
  volume={74},
  number={11},
  pages={3026},
  year={2014},
  publisher={Springer}
}

@article{PhysRevD.83.032007,
  title = {Study of $B\ensuremath{\rightarrow}\ensuremath{\pi}l\ensuremath{\nu}$ and $B\ensuremath{\rightarrow}\ensuremath{\rho}l\ensuremath{\nu}$ decays and determination of $|{V}_{ub}|$},
  author = {del Amo Sanchez, P. and Lees, J. P. and Poireau, V. and Prencipe, E. and Tisserand, V. and Garra Tico, J. and Grauges, E. and Martinelli, M. and Palano, A. and Pappagallo, M. and Eigen, G. and Stugu, B. and Sun, L. and Battaglia, M. and Brown, D. N. and Hooberman, B. and Kerth, L. T. and Kolomensky, Yu. G. and Lynch, G. and Osipenkov, I. L. and Tanabe, T. and Hawkes, C. M. and Soni, N. and Watson, A. T. and Koch, H. and Schroeder, T. and Asgeirsson, D. J. and Hearty, C. and Mattison, T. S. and McKenna, J. A. and Khan, A. and Randle-Conde, A. and Blinov, V. E. and Buzykaev, A. R. and Druzhinin, V. P. and Golubev, V. B. and Onuchin, A. P. and Serednyakov, S. I. and Skovpen, Yu. I. and Solodov, E. P. and Todyshev, K. Yu. and Yushkov, A. N. and Bondioli, M. and Curry, S. and Kirkby, D. and Lankford, A. J. and Mandelkern, M. and Martin, E. C. and Stoker, D. P. and Atmacan, H. and Gary, J. W. and Liu, F. and Long, O. and Vitug, G. M. and Yasin, Z. and Sharma, V. and Campagnari, C. and Hong, T. M. and Kovalskyi, D. and Richman, J. D. and Eisner, A. M. and Heusch, C. A. and Kroseberg, J. and Lockman, W. S. and Martinez, A. J. and Schalk, T. and Schumm, B. A. and Seiden, A. and Winstrom, L. O. and Cheng, C. H. and Doll, D. A. and Echenard, B. and Hitlin, D. G. and Ongmongkolkul, P. and Porter, F. C. and Rakitin, A. Y. and Andreassen, R. and Dubrovin, M. S. and Mancinelli, G. and Meadows, B. T. and Sokoloff, M. D. and Bloom, P. C. and Ford, W. T. and Gaz, A. and Hirschauer, J. F. and Nagel, M. and Nauenberg, U. and Smith, J. G. and Wagner, S. R. and Ayad, R. and Toki, W. H. and Hauke, A. and Jasper, H. and Karbach, T. M. and Merkel, J. and Petzold, A. and Spaan, B. and Wacker, K. and Kobel, M. J. and Schubert, K. R. and Schwierz, R. and Bernard, D. and Verderi, M. and Clark, P. J. and Playfer, S. and Watson, J. E. and Andreotti, M. and Bettoni, D. and Bozzi, C. and Calabrese, R. and Cecchi, A. and Cibinetto, G. and Fioravanti, E. and Franchini, P. and Luppi, E. and Munerato, M. and Negrini, M. and Petrella, A. and Piemontese, L. and Baldini-Ferroli, R. and Calcaterra, A. and de Sangro, R. and Finocchiaro, G. and Nicolaci, M. and Pacetti, S. and Patteri, P. and Peruzzi, I. M. and Piccolo, M. and Rama, M. and Zallo, A. and Contri, R. and Guido, E. and Lo Vetere, M. and Monge, M. R. and Passaggio, S. and Patrignani, C. and Robutti, E. and Tosi, S. and Bhuyan, B. and Morii, M. and Adametz, A. and Marks, J. and Schenk, S. and Uwer, U. and Bernlochner, F. U. and Lacker, H. M. and Lueck, T. and Volk, A. and Dauncey, P. D. and Tibbetts, M. and Behera, P. K. and Mallik, U. and Chen, C. and Cochran, J. and Crawley, H. B. and Dong, L. and Meyer, W. T. and Prell, S. and Rosenberg, E. I. and Rubin, A. E. and Gao, Y. Y. and Gritsan, A. V. and Guo, Z. J. and Arnaud, N. and Davier, M. and Derkach, D. and Firmino da Costa, J. and Grosdidier, G. and Le Diberder, F. and Lutz, A. M. and Malaescu, B. and Perez, A. and Roudeau, P. and Schune, M. H. and Serrano, J. and Sordini, V. and Stocchi, A. and Wang, L. and Wormser, G. and Lange, D. J. and Wright, D. M. and Bingham, I. and Burke, J. P. and Chavez, C. A. and Coleman, J. P. and Fry, J. R. and Gabathuler, E. and Gamet, R. and Hutchcroft, D. E. and Payne, D. J. and Touramanis, C. and Bevan, A. J. and Di Lodovico, F. and Sacco, R. and Sigamani, M. and Cowan, G. and Paramesvaran, S. and Wren, A. C. and Brown, D. N. and Davis, C. L. and Denig, A. G. and Fritsch, M. and Gradl, W. and Hafner, A. and Alwyn, K. E. and Bailey, D. and Barlow, R. J. and Jackson, G. and Lafferty, G. D. and West, T. J. and Anderson, J. and Cenci, R. and Jawahery, A. and Roberts, D. A. and Simi, G. and Tuggle, J. M. and Dallapiccola, C. and Salvati, E. and Cowan, R. and Dujmic, D. and Fisher, P. H. and Sciolla, G. and Yamamoto, R. K. and Zhao, M. and Patel, P. M. and Robertson, S. H. and Schram, M. and Biassoni, P. and Lazzaro, A. and Lombardo, V. and Palombo, F. and Stracka, S. and Cremaldi, L. and Godang, R. and Kroeger, R. and Sonnek, P. and Summers, D. J. and Zhao, H. W. and Nguyen, X. and Simard, M. and Taras, P. and De Nardo, G. and Monorchio, D. and Onorato, G. and Sciacca, C. and Raven, G. and Snoek, H. L. and Jessop, C. P. and Knoepfel, K. J. and LoSecco, J. M. and Wang, W. F. and Corwin, L. A. and Honscheid, K. and Kass, R. and Morris, J. P. and Rahimi, A. M. and Blount, N. L. and Brau, J. and Frey, R. and Igonkina, O. and Kolb, J. A. and Rahmat, R. and Sinev, N. B. and Strom, D. and Strube, J. and Torrence, E. and Castelli, G. and Feltresi, E. and Gagliardi, N. and Margoni, M. and Morandin, M. and Posocco, M. and Rotondo, M. and Simonetto, F. and Stroili, R. and Ben-Haim, E. and Bonneaud, G. R. and Briand, H. and Chauveau, J. and Hamon, O. and Leruste, Ph. and Marchiori, G. and Ocariz, J. and Prendki, J. and Sitt, S. and Biasini, M. and Manoni, E. and Angelini, C. and Batignani, G. and Bettarini, S. and Calderini, G. and Carpinelli, M. and Cervelli, A. and Forti, F. and Giorgi, M. A. and Lusiani, A. and Neri, N. and Paoloni, E. and Rizzo, G. and Walsh, J. J. and Lopes Pegna, D. and Lu, C. and Olsen, J. and Smith, A. J. S. and Telnov, A. V. and Anulli, F. and Baracchini, E. and Cavoto, G. and Faccini, R. and Ferrarotto, F. and Ferroni, F. and Gaspero, M. and Li Gioi, L. and Mazzoni, M. A. and Piredda, G. and Renga, F. and Ebert, M. and Hartmann, T. and Leddig, T. and Schr\"oder, H. and Waldi, R. and Adye, T. and Franek, B. and Olaiya, E. O. and Wilson, F. F. and Emery, S. and Hamel de Monchenault, G. and Vasseur, G. and Y\`eche, Ch. and Zito, M. and Allen, M. T. and Aston, D. and Bard, D. J. and Bartoldus, R. and Benitez, J. F. and Cartaro, C. and Convery, M. R. and Dingfelder, J. C. and Dorfan, J. and Dubois-Felsmann, G. P. and Dunwoodie, W. and Field, R. C. and Franco Sevilla, M. and Fulsom, B. G. and Gabareen, A. M. and Graham, M. T. and Grenier, P. and Hast, C. and Innes, W. R. and Kelsey, M. H. and Kim, H. and Kim, P. and Kocian, M. L. and Leith, D. W. G. S. and Li, S. and Lindquist, B. and Luitz, S. and Luth, V. and Lynch, H. L. and MacFarlane, D. B. and Marsiske, H. and Muller, D. R. and Neal, H. and Nelson, S. and O'Grady, C. P. and Ofte, I. and Perl, M. and Ratcliff, B. N. and Roodman, A. and Salnikov, A. A. and Santoro, V. and Schindler, R. H. and Schwiening, J. and Snyder, A. and Su, D. and Sullivan, M. K. and Suzuki, K. and Thompson, J. M. and Va'vra, J. and Wagner, A. P. and Weaver, M. and West, C. A. and Wisniewski, W. J. and Wittgen, M. and Wright, D. H. and Wulsin, H. W. and Yarritu, A. K. and Young, C. C. and Ziegler, V. and Chen, X. R. and Park, W. and Purohit, M. V. and White, R. M. and Wilson, J. R. and Sekula, S. J. and Bellis, M. and Burchat, P. R. and Edwards, A. J. and Miyashita, T. S. and Ahmed, S. and Alam, M. S. and Ernst, J. A. and Pan, B. and Saeed, M. A. and Zain, S. B. and Guttman, N. and Soffer, A. and Lund, P. and Spanier, S. M. and Eckmann, R. and Ritchie, J. L. and Ruland, A. M. and Schilling, C. J. and Schwitters, R. F. and Wray, B. C. and Izen, J. M. and Lou, X. C. and Bianchi, F. and Gamba, D. and Pelliccioni, M. and Bomben, M. and Della Ricca, G. and Lanceri, L. and Vitale, L. and Azzolini, V. and Lopez-March, N. and Martinez-Vidal, F. and Milanes, D. A. and Oyanguren, A. and Albert, J. and Banerjee, Sw. and Choi, H. H. F. and Hamano, K. and King, G. J. and Kowalewski, R. and Lewczuk, M. J. and Nugent, I. M. and Roney, J. M. and Sobie, R. J. and Gershon, T. J. and Harrison, P. F. and Ilic, J. and Latham, T. E. and Mohanty, G. B. and Puccio, E. M. T. and Band, H. R. and Chen, X. and Dasu, S. and Flood, K. T. and Pan, Y. and Prepost, R. and Vuosalo, C. O. and Wu, S. L.},
  collaboration = {BABAR Collaboration},
  journal = {Phys. Rev. D},
  volume = {83},
  issue = {3},
  pages = {032007},
  numpages = {45},
  year = {2011},
  month = {Feb},
  publisher = {American Physical Society},
  doi = {10.1103/PhysRevD.83.032007},
  url = {https://link.aps.org/doi/10.1103/PhysRevD.83.032007}
}

@article{stevens2013uboost,
  title={uBoost: A boosting method for producing uniform selection efficiencies from multivariate classifiers},
  author={Stevens, Justin and Williams, Mike},
  journal={Journal of Instrumentation},
  volume={8},
  number={12},
  pages={P12013},
  year={2013},
  publisher={IOP Publishing}
}

@incollection{verkerke2006roofit,
  title={The RooFit toolkit for data modeling},
  author={Verkerke, Wouter and Kirkby, David},
  booktitle={Statistical Problems in Particle Physics, Astrophysics and Cosmology},
  pages={186--189},
  year={2006},
  publisher={World Scientific}
}

@article{James:1994vla,
      author         = "James, F.",
      title          = "{MINUIT Function Minimization and Error Analysis: 
                        Reference Manual Version 94.1}",
      year           = "1994",
      reportNumber   = "CERN-D-506, CERN-D506",
      SLACcitation   = "%%CITATION = CERN-D-506;%%"
}

@article{ahn2003standard,
  title={Standard errors of mean, variance, and standard deviation estimators},
  author={Ahn, Sangtae and Fessler, Jeffrey A},
  journal={EECS Department, The University of Michigan},
  pages={1--2},
  year={2003}
}

@article{cabibbo1963unitary,
  title={Unitary symmetry and leptonic decays},
  author={Cabibbo, Nicola},
  journal={Physical Review L},
  volume={10},
  number={12},
  pages={531},
  year={1963},
  publisher={APS}
}

@article{kobayashi1973cp,
  title={{CP}-violation in the renormalizable theory of weak interaction},
  author={Kobayashi, Makoto and Maskawa, Toshihide},
  journal={Progress of Theoretical Physics},
  volume={49},
  number={2},
  pages={652--657},
  year={1973},
  publisher={Oxford University Press}
}

@article{Amhis:2016xyh,
      author         = "Amhis, Y. and others",
      title          = "{Averages of $b$-hadron, $c$-hadron, and $\tau$-lepton
                        properties as of summer 2016}",
      collaboration  = "HFLAV",
      journal        = "Eur. Phys. J.",
      volume         = "C77",
      year           = "2017",
      number         = "12",
      pages          = "895",
      doi            = "10.1140/epjc/s10052-017-5058-4",
      eprint         = "1612.07233",
      archivePrefix  = "arXiv",
      primaryClass   = "hep-ex",
      reportNumber   = "FERMILAB-PUB-16-611-ND",
      SLACcitation   = "%%CITATION = ARXIV:1612.07233;%%"
}

@article{Gambino:2007rp,
      author         = "Gambino, P. and Giordano, P. and Ossola, G. and Uraltsev,
                        N.",
      title          = "{Inclusive semileptonic B decays and the determination of
                        |V(ub)|}",
      journal        = "JHEP",
      volume         = "10",
      year           = "2007",
      pages          = "058",
      doi            = "10.1088/1126-6708/2007/10/058",
      eprint         = "0707.2493",
      archivePrefix  = "arXiv",
      primaryClass   = "hep-ph",
      reportNumber   = "DFTT-14-2007, UND-HEP-07-BIG-06",
      SLACcitation   = "%%CITATION = ARXIV:0707.2493;%%"
}

@article{tanabashi2018review,
  title={Review of particle physics},
  author={Tanabashi, M},
  journal={Phys. Rev. D},
  volume={98},
  pages={030001},
  year={2018}
}

@article{doi:10.1093/ptep/pts102,
author = {Abe, Tetsuo and Akai, Kazunori and Akasaka, Norimasa and Akemoto, Mitsuo and Akiyama, Atsuyoshi and Arinaga, Mitsuhiro and Cai, Yunhai and Ebihara, Kiyokazu and Egawa, Kazumi and Enomoto, Atsushi and Ezura, Eiji and Flanagan, John and Fukuda, Shigeki and Fukuma, Hitoshi and Funakoshi, Yoshihiro and Furukawa, Kazuro and Furuya, Takaaki and Haba, Junji and Hara, Kazufumi and Higo, Toshiyasu and Hiramatsu, Shigenori and Hisamatsu, Hiromi and Honma, Hiroyuki and Honma, Teruya and Hosoyama, Kenji and Ieiri, Takao and Iida, Naoko and Ikeda, Hitomi and Ikeda, Mitsuo and Inagaki, Shigemi and Isagawa, Shigeru and Ishii, Hitoshi and Kabe, Atsushi and Kadokura, Eiichi and Kageyama, Tatsuya and Kakihara, Kazuhisa and Kako, Eiji and Kamada, Susumu and Kamitani, Takuya and Kanazawa, Ken-ichi and Katagiri, Hiroaki and Kato, Shigeki and Kawamoto, Takashi and Kazakov, Sergey and Kikuchi, Mitsuo and Kikutani, Eiji and Kitagawa, Kiyoshi and Koiso, Haruyo and Kojima, Yuuji and Komada, Ichitaka and Kubo, Tadashi and Kudo, Kikuo and Kurokawa, Shin-ichi and Marutsuka, Katsumi and Masuzawa, Mika and Matsumoto, Shuji and Matsumoto, Toshihiro and Michizono, Shinichiro and Mikawa, Katsuhiko and Mimashi, Toshihiro and Mitsuhashi, Toshiyuki and Mitsunobu, Shinji and Miura, Takako and Mori, Kenji and Morita, Akio and Morita, Yoshiyuki and Nakai, Hirotaka and Nakajima, Hiromitsu and Nakamura, Tatsuro T. and Nakanishi, Hiroshi and Nakanishi, Kota and Nakao, Katumi and Nakayama, Hisayoshi and Nishiwaki, Michiru and Ogawa, Yujiro and Ohmi, Kazuhito and Ohnishi, Yukiyoshi and Ohsawa, Satoshi and Ohsawa, Yasunobu and Ohuchi, Norihito and Oide, Katsunobu and Oki, Toshiyuki and Ono, Masaaki and Ozaki, Toshiyuki and Perevedentsev, Eugene and Sakai, Hiroshi and Sakamoto, Yutaka and Sato, Masayuki and Satoh, Kotaro and Satoh, Masanori and Seimiya, Yuji and Shibata, Kyo and Shidara, Tetsuo and Shimada, Miho and Stanic, Samo and Shirai, Mitsuru and Shirakawa, Akihiro and Sueno, Tsuyoshi and Suetake, Masaaki and Suetsugu, Yusuke and Sugahara, Ryuhei and Sugimura, Takashi and Suwada, Tsuyoshi and Tajima, Osamu and Takano, Susumu and Takasaki, Seiji and Takenaka, Tateru and Takeuchi, Yasunao and Takeuchi, Yasunori and Tawada, Masafumi and Tejima, Masaki and Tobiyama, Makoto and Tokuda, Noboru and Tsuchiya, Kiyosumi and Uehara, Sadaharu and Uno, Shoji and Wu, Yingzhi and Yamamoto, Noboru and Yamamoto, Yasuchika and Yano, Yoshiharu and Yokoyama, Kazue and Yoshida, Masato and Yoshida, Mitsuhiro and Yoshimoto, Shin-ichi and Yoshino, Kazuo and Yoshioka, Masakazu and Zhou, Demin and Zimmermann, Frank and Zong, Zhanguo},
title = {Achievements of KEKB},
journal = {Progress of Theoretical and Experimental Physics},
volume = {2013},
number = {3},
pages = {03A001},
year = {2013},
doi = {10.1093/ptep/pts102},
URL = {http://dx.doi.org/10.1093/ptep/pts102},
eprint = {/oup/backfile/content_public/journal/ptep/2013/3/10.1093/ptep/pts102/2/pts102.pdf}
}

@article{ABASHIAN2002117,
title = "The Belle detector",
journal = "Nuclear Instruments and Methods in Physics Research Section A: Accelerators, Spectrometers, Detectors and Associated Equipment",
volume = "479",
number = "1",
pages = "117 - 232",
year = "2002",
note = "Detectors for Asymmetric B-factories",
issn = "0168-9002",
doi = "https://doi.org/10.1016/S0168-9002(01)02013-7",
url = "http://www.sciencedirect.com/science/article/pii/S0168900201020137",
author = "A. Abashian and K. Gotow and N. Morgan and L. Piilonen and S. Schrenk and K. Abe and I. Adachi and J.P. Alexander and K. Aoki and S. Behari and Y. Doi and R. Enomoto and H. Fujii and Y. Fujita and Y. Funahashi and J. Haba and H. Hamasaki and T. Haruyama and K. Hayashi and Y. Higashi and N. Hitomi and S. Igarashi and Y. Igarashi and T. Iijima and Hirokazu Ikeda and Hitomi Ikeda and R. Itoh and M. Iwai and H. Iwasaki and Y. Iwasaki and K.K. Joo and K. Kasami and N. Katayama and M. Kawai and H. Kichimi and T. Kobayashi and S. Koike and Y. Kondo and M.H. Lee and Y. Makida and A. Manabe and T. Matsuda and T. Murakami and S. Nagayama and M. Nakao and T. Nozaki and K. Ogawa and R. Ohkubo and Y. Ohnishi and H. Ozaki and H. Sagawa and M. Saito and Y. Sakai and T. Sasaki and N. Sato and T. Sumiyoshi and J. Suzuki and J.I. Suzuki and S. Suzuki and F. Takasaki and K. Tamai and M. Tanaka and T. Tatomi and T. Tsuboyama and K. Tsukada and T. Tsukamoto and S. Uehara and N. Ujiie and S. Uno and B. Yabsley and Y. Yamada and H. Yamaguchi and H. Yamaoka and Y. Yamaoka and M. Yamauchi and Y. Yoshimura and H. Zhao and R. Abe and G. Iwai and T. Kawasaki and H. Miyata and K. Shimada and S. Takahashi and N. Tamura and K. Abe and H. Hanada and T. Nagamine and M. Nakajima and T. Nakajima and S. Narita and M. Sanpei and T. Takayama and M. Ueki and M. Yamaga and A. Yamaguchi and B.S. Ahn and J.S. Kang and Hyunwoo Kim and C.W. Park and H. Park and H.S. Ahn and H.K. Jang and C.H. Kim and S.K. Kim and S.H. Lee and C.S. Park and E. Won and H. Aihara and T. Higuchi and H. Kawai and T. Matsubara and T. Nakadaira and H. Tajima and J. Tanaka and T. Tomura and M. Yokoyama and M. Akatsu and K. Fujimoto and M. Hirose and K. Inami and A. Ishikawa and S. Itami and T. Kani and T. Matsumoto and I. Nagai and T. Okabe and T. Oshima and K. Senyo and A. Sugi and A. Sugiyama and S. Suitoh and S. Suzuki and M. Tomoto and K. Yoshida and R. Akhmetshin and P. Chang and Y. Chao and Y.Q. Chen and W.S. Hou and S.C. Hsu and H.C. Huang and T.J. Huang and M.C. Lee and R.S. Lu and J.C. Peng and K.C. Peng and S. Sahu and H.F. Sung and K.L. Tsai and K. Ueno and C.C. Wang and M.Z. Wang and G. Alimonti and T.E. Browder and B.C.K. Casey and F. Fang and H. Guler and M. Jones and Y. Li and S.L. Olsen and M. Peters and J.L. Rodriguez and M. Rosen and S. Swain and K. Trabelsi and G. Varner and H. Yamamoto and Y.H. Zheng and Q. An and H.F. Chen and Y.F. Wang and Z.Z. Xu and S.W. Ye and Z.P. Zhang and M. Asai and Y. Asano and S. Mori and S. Stanič and Y. Tsujita and J. Zhang and D. Žontar and T. Aso and V. Aulchenko and D. Beiline and A. Bondar and L. Dneprovsky and S. Eidelman and A. Garmash and A. Kuzmin and L. Romanov and N. Root and B. Shwartz and A. Sidorov and V. Sidorov and Y. Usov and V. Zhilich and A.M. Bakich and L.S. Peak and K.E. Varvell and E. Banas and A. Bozek and P. Jalocha and P. Kapusta and Z. Natkaniec and W. Ostrowicz and H. Palka and M. Rozanka and K. Rybicki and P.K. Behera and A. Mohapatra and M. Satapathy and Y.H. Chang and H.S. Chen and L.Y. Dong and J. Li and H.M. Liu and Z.P. Mao and C.X. Yu and C.C. Zhang and S.Q. Zhang and Z.G. Zhao and Z.P. Zheng and B.G. Cheon and Y. Choi and D.W. Kim and J.W. Nam and S. Chidzik and K. Korotuschenko and C. Leonidopoulos and T. Liu and D. Marlow and C. Mindas and E. Prebys and R. Rabberman and W. Sands and R. Wixted and S. Choi and J. Dragic and C.W. Everton and A. Gordon and N.C. Hastings and E.M. Heenan and L.C. Moffitt and G.R. Moloney and G.F. Moorhead and M.E. Sevior and G.N. Taylor and S.N. Tovey and A. Drutskoy and R. Kagan and P. Pakhlov and S. Semenov and C. Fukunaga and R. Suda and M. Fukushima and V.I. Goriletsky and B.V. Grinyov and V.R. Lyubinsky and A.I. Panova and K.V. Shakhova and L.I. Shpilinskaya and E.L. Vinograd and B.G. Zaslavsky and R.S. Guo and F. Haitani and Y. Hoshi and K. Neichi and K. Hara and T. Hara and M. Hazumi and T. Hojo and D. Jackson and H. Miyake and Y. Nagashima and J. Ryuko and K. Sumisawa and M. Takita and T. Yamanaka and H. Hayashii and K. Miyabayashi and S. Noguchi and S. Hikita and H. Hirano and K. Hoshina and H. Mamada and O. Nitoh and N. Okazaki and T. Yokoyama and H. Ishino and S. Ichizawa and T. Hirai and H. Kakuno and J. Kaneko and T. Nakamura and Y. Ohshima and Y. Watanabe and S. Yanaka and Y. Inoue and E. Nakano and T. Takahashi and Y. Teramoto and J.H. Kang and H.J. Kim and Heejong Kim and Y.-J. Kwon and H. Kawai and E. Kurihara and T. Ooba and K. Suzuki and Y. Unno and N. Kawamura and H. Yuta and K. Kinoshita and A. Satpathy and S. Kobayashi and T. Kuniya and A. Murakami and T. Tsukamoto and S. Kumar and J. Singh and J. Lange and R. Stock and S. Matsumoto and M. Watanabe and H. Matsuo and S. Nishida and T. Nomura and H. Sakamoto and N. Sasao and Y. Ushiroda and Y. Nagasaka and Y. Tanaka and S. Ogawa and H. Shibuya and K. Hanagaki and S. Okuno and D.Z. Shen and D.S. Yan and Z.W. Yin and N. Tan and C.H. Wang and T. Yamaki and Y. Yamashita"
}

@article{haba2004letter,
  title={Letter of Intent for KEK Super B Factory, Part II: Detector},
  author={Haba, J},
  journal={KEK Report},
  pages={04--4},
  year={2004},
  URL = {http://superb.kek.jp/documents/loi/img/LoI_detector.pdf}
}
