@article{sjostrand2006pythia,
  title={PYTHIA 6.4 physics and manual},
  author={Sj{\"o}strand, Torbj{\"o}rn and Mrenna, Stephen and Skands, Peter},
  journal={Journal of High Energy Physics},
  volume={2006},
  number={05},
  pages={026},
  year={2006},
  publisher={IOP Publishing}
}

@article{keck2017fastbdt,
  title={Fastbdt: A speed-optimized multivariate classification algorithm for the belle ii experiment},
  author={Keck, Thomas},
  journal={Computing and Software for Big Science},
  volume={1},
  number={1},
  pages={2},
  year={2017},
  publisher={Springer}
}

@PHDTHESIS{Keck:48940,
      author       = {Keck, Thomas},
      title        = {Machine learning algorithms for the Belle II experiment and
                      their validation on Belle data},
      school       = {Karlsruher Institut für Technologie},
      type         = {Dr.},
      reportid     = {EKP-2017-00067},
      pages        = {240 pages},
      year         = {2017},
      note         = {Karlsruher Institut für Technologie, Diss., 2017},
      keywords     = {Dissertation (GND)},
      cin          = {Belle II},
      cid          = {I:(DE-IEKP)Belle2-20121205},
      typ          = {PUB:(DE-HGF)11},
      url          = {https://ekp-invenio.physik.uni-karlsruhe.de/record/48940},
}

@article{asner1996search,
  title={Search for exclusive charmless hadronic B decays},
  author={Asner, D. M. and Athanas, M. and Bliss, D. W. and Brower, W. S. and Masek, G. and Paar, H. P. and Gronberg, J. and Korte, C. M. and Kutschke, R. and Menary, S. and others},
  journal={Physical Review D},
  volume={53},
  number={3},
  pages={1039},
  year={1996},
  publisher={APS}
}

@article{bevan2014physics,
  title={The physics of the B factories},
  author={Bevan, A. J. and Golob, B. and Mannel, T. H. and Prell, S. and Yabsley, B. D. and Aihara, H. and Anulli, F. and Arnaud, N. and Aushev, T. and Beneke, M. and others},
  journal={The European Physical Journal C},
  volume={74},
  number={11},
  pages={3026},
  year={2014},
  publisher={Springer}
}

@article{PhysRevD.83.032007,
  title = {Study of $B\ensuremath{\rightarrow}\ensuremath{\pi}l\ensuremath{\nu}$ and $B\ensuremath{\rightarrow}\ensuremath{\rho}l\ensuremath{\nu}$ decays and determination of $|{V}_{ub}|$},
  author = {del Amo Sanchez, P. and Lees, J. P. and Poireau, V. and Prencipe, E. and others},
  collaboration = {BABAR Collaboration},
  journal = {Phys. Rev. D},
  volume = {83},
  issue = {3},
  pages = {032007},
  numpages = {45},
  year = {2011},
  month = {Feb},
  publisher = {American Physical Society},
  doi = {10.1103/PhysRevD.83.032007},
  url = {https://link.aps.org/doi/10.1103/PhysRevD.83.032007}
}

@article{stevens2013uboost,
  title={uBoost: A boosting method for producing uniform selection efficiencies from multivariate classifiers},
  author={Stevens, Justin and Williams, Mike},
  journal={Journal of Instrumentation},
  volume={8},
  number={12},
  pages={P12013},
  year={2013},
  publisher={IOP Publishing}
}

@incollection{verkerke2006roofit,
  title={The RooFit toolkit for data modeling},
  author={Verkerke, Wouter and Kirkby, David},
  booktitle={Statistical Problems in Particle Physics, Astrophysics and Cosmology},
  pages={186--189},
  year={2006},
  publisher={World Scientific}
}

@article{James:1994vla,
      author         = "James, F.",
      title          = "{MINUIT Function Minimization and Error Analysis: 
                        Reference Manual Version 94.1}",
      year           = "1994",
      reportNumber   = "CERN-D-506, CERN-D506",
      SLACcitation   = "%%CITATION = CERN-D-506;%%"
}

@article{ahn2003standard,
  title={Standard errors of mean, variance, and standard deviation estimators},
  author={Ahn, Sangtae and Fessler, Jeffrey A},
  journal={EECS Department, The University of Michigan},
  pages={1--2},
  year={2003}
}

@article{cabibbo1963unitary,
  title={Unitary symmetry and leptonic decays},
  author={Cabibbo, Nicola},
  journal={Physical Review L},
  volume={10},
  number={12},
  pages={531},
  year={1963},
  publisher={APS}
}

@article{kobayashi1973cp,
  title={{CP}-violation in the renormalizable theory of weak interaction},
  author={Kobayashi, Makoto and Maskawa, Toshihide},
  journal={Progress of Theoretical Physics},
  volume={49},
  number={2},
  pages={652--657},
  year={1973},
  publisher={Oxford University Press}
}

@article{Amhis:2016xyh,
author = "Amhis, Y. and others",
collaboration = "Heavy Flavor Averaging Group",
title = "{Averages of b-hadron, c-hadron, and τ-lepton
properties as of summer 2016}",
journal = "Eur. Phys. J.",
volume = "C77",
pages = "895",
doi = "10.1140/epjc/s10052-017-5058-4",
year = "2017",
eprint = "1612.07233",
archivePrefix = "arXiv",
primaryClass = "hep-ex",
SLACcitation = "%%CITATION = ARXIV:1612.07233;%%",
note = "{updated results and plots available at \href{https://hflav.web.cern.ch}{{\texttt{https://hflav.web.cern.ch}}}}",
}

@article{Gambino:2007rp,
      author         = "Gambino, P. and Giordano, P. and Ossola, G. and Uraltsev,
                        N.",
      title          = "{Inclusive semileptonic B decays and the determination of
                        |V(ub)|}",
      journal        = "JHEP",
      volume         = "10",
      year           = "2007",
      pages          = "058",
      doi            = "10.1088/1126-6708/2007/10/058",
      eprint         = "0707.2493",
      archivePrefix  = "arXiv",
      primaryClass   = "hep-ph",
      reportNumber   = "DFTT-14-2007, UND-HEP-07-BIG-06",
      SLACcitation   = "%%CITATION = ARXIV:0707.2493;%%"
}

@article{tanabashi2018review,
  title={Review of particle physics},
  author={Tanabashi, M.},
  journal={Phys. Rev. D},
  volume={98},
  pages={030001},
  year={2018}
}

@article{doi:10.1093/ptep/pts102,
author = {Abe, Tetsuo and Akai, Kazunori and others},
title = {Achievements of KEKB},
journal = {Progress of Theoretical and Experimental Physics},
volume = {2013},
number = {3},
pages = {03A001},
year = {2013},
doi = {10.1093/ptep/pts102},
URL = {http://dx.doi.org/10.1093/ptep/pts102},
eprint = {/oup/backfile/content_public/journal/ptep/2013/3/10.1093/ptep/pts102/2/pts102.pdf}
}

@article{ABASHIAN2002117,
title = "The Belle detector",
journal = "Nuclear Instruments and Methods in Physics Research Section A: Accelerators, Spectrometers, Detectors and Associated Equipment",
volume = "479",
number = "1",
pages = "117 - 232",
year = "2002",
note = "Detectors for Asymmetric B-factories",
issn = "0168-9002",
doi = "https://doi.org/10.1016/S0168-9002(01)02013-7",
url = "http://www.sciencedirect.com/science/article/pii/S0168900201020137",
author = "A. Abashian and K. Gotow and N. Morgan and L. Piilonen and others"
}

@article{haba2004letter,
  title={Letter of Intent for KEK Super B Factory, Part II: Detector},
  author={Haba, J},
  journal={KEK Report},
  pages={04--4},
  year={2004},
  URL = {http://superb.kek.jp/documents/loi/img/LoI_detector.pdf}
}

@techreport{paterno2004calculating,
  title={Calculating efficiencies and their uncertainties},
  author={Paterno, Marc},
  year={2004},
  institution={Fermi National Accelerator Lab.(FNAL), Batavia, IL (United States)}
}

@article{Scora:1995ty,
      author         = "Scora, Daryl and Isgur, Nathan",
      title          = "{Semileptonic meson decays in the quark model: An
                        update}",
      journal        = "Phys. Rev.",
      volume         = "D52",
      year           = "1995",
      pages          = "2783-2812",
      doi            = "10.1103/PhysRevD.52.2783",
      eprint         = "hep-ph/9503486",
      archivePrefix  = "arXiv",
      primaryClass   = "hep-ph",
      reportNumber   = "CEBAF-TH-94-14",
      SLACcitation   = "%%CITATION = HEP-PH/9503486;%%"
}

@article{lange2001evtgen,
  title={The EvtGen particle decay simulation package},
  author={Lange, David J},
  journal={Nuclear Instruments and Methods in Physics Research Section A: Accelerators, Spectrometers, Detectors and Associated Equipment},
  volume={462},
  number={1-2},
  pages={152--155},
  year={2001},
  publisher={Elsevier}
}


@article{agostinelli2003geant4,
  title={GEANT4—a simulation toolkit},
  author={Agostinelli, Sea and Allison, John and Amako, K al and Apostolakis, John and Araujo, H and Arce, P and Asai, M and Axen, D and Banerjee, S and Barrand, G 2 and others},
  journal={Nuclear instruments and methods in physics research section A: Accelerators, Spectrometers, Detectors and Associated Equipment},
  volume={506},
  number={3},
  pages={250--303},
  year={2003},
  publisher={Elsevier}
}


@article{PhysRevLett.51.1945,
  title = {Parametrization of the Kobayashi-Maskawa Matrix},
  author = {Wolfenstein, Lincoln},
  journal = {Phys. Rev. Lett.},
  volume = {51},
  issue = {21},
  pages = {1945--1947},
  numpages = {0},
  year = {1983},
  month = {Nov},
  publisher = {American Physical Society},
  doi = {10.1103/PhysRevLett.51.1945},
  url = {https://link.aps.org/doi/10.1103/PhysRevLett.51.1945}
}

@article{Kuhr:2018lps,
      author         = "Kuhr, T. and Pulvermacher, C. and Ritter, M. and Hauth,
                        T. and Braun, N.",
      title          = "{The Belle II Core Software}",
      year           = "2018",
      eprint         = "1809.04299",
      archivePrefix  = "arXiv",
      primaryClass   = "physics.comp-ph",
      SLACcitation   = "%%CITATION = ARXIV:1809.04299;%%"
}

@article{Keck:b2bii2018,
      author         = "Keck. T and others",
      title          = "{B2BII Data conversion from Belle to Belle II}",
      note = {To appear.}
      
}

T. Keck et al.
B2BII Data conversion from Belle
to Belle II
.
To appear
